{
  "leader": "02636cam a2200613 a 4500",
  "fields": [
    {
      "001": "ocm14356213\\"
    },
    {
      "003": "OCoLC"
    },
    {
      "005": "20221208124817.0"
    },
    {
      "008": "860922s1987\\\\\\\\nyua\\\\\\\\\\c\\\\\\s000\\0\\eng\\\\"
    },
    {
      "010": {
        "ind1": "\\",
        "ind2": "\\",
        "subfields": [
          {
            "a": "   86026452 "
          }
        ]
      }
    },
    {
      "040": {
        "ind1": "\\",
        "ind2": "\\",
        "subfields": [
          {
            "a": "DLC"
          },
          {
            "b": "eng"
          },
          {
            "c": "DLC"
          },
          {
            "d": "BAKER"
          },
          {
            "d": "BTCTA"
          },
          {
            "d": "YDXCP"
          },
          {
            "d": "MUQ"
          },
          {
            "d": "ZWZ"
          },
          {
            "d": "CGP"
          },
          {
            "d": "GEBAY"
          },
          {
            "d": "BDX"
          },
          {
            "d": "OCLCF"
          },
          {
            "d": "DEBBG"
          },
          {
            "d": "OCLCO"
          },
          {
            "d": "OCL"
          },
          {
            "d": "NYG"
          },
          {
            "d": "OCLCO"
          },
          {
            "d": "OCL"
          },
          {
            "d": "OCLCA"
          },
          {
            "d": "VJM"
          },
          {
            "d": "OCLCQ"
          },
          {
            "d": "CSA"
          },
          {
            "d": "TFW"
          },
          {
            "d": "OCLCO"
          },
          {
            "d": "CCH"
          },
          {
            "d": "GILDS"
          },
          {
            "d": "OCLCO"
          },
          {
            "d": "CSO"
          },
          {
            "d": "CPS"
          },
          {
            "d": "OCLCO"
          },
          {
            "d": "HUELT"
          },
          {
            "d": "OCLCO"
          },
          {
            "d": "OCLCA"
          },
          {
            "d": "YKN"
          },
          {
            "d": "OCLCO"
          },
          {
            "d": "OCL"
          },
          {
            "d": "YBM"
          }
        ]
      }
    },
    {
      "020": {
        "ind1": "\\",
        "ind2": "\\",
        "subfields": [
          {
            "a": "0810908840"
          }
        ]
      }
    },
    {
      "020": {
        "ind1": "\\",
        "ind2": "\\",
        "subfields": [
          {
            "a": "9780810908840"
          }
        ]
      }
    },
    {
      "035": {
        "ind1": "\\",
        "ind2": "\\",
        "subfields": [
          {
            "a": "(OCoLC)14356213"
          }
        ]
      }
    },
    {
      "043": {
        "ind1": "\\",
        "ind2": "\\",
        "subfields": [
          {
            "a": "n-us-ny"
          },
          {
            "a": "n-us---"
          }
        ]
      }
    },
    {
      "050": {
        "ind1": "0",
        "ind2": "0",
        "subfields": [
          {
            "a": "N6512.5.N4"
          },
          {
            "b": "E47 1987"
          }
        ]
      }
    },
    {
      "060": {
        "ind1": "\\",
        "ind2": "4",
        "subfields": [
          {
            "a": "N 6512.5.N4 E47 1987"
          }
        ]
      }
    },
    {
      "082": {
        "ind1": "0",
        "ind2": "0",
        "subfields": [
          {
            "a": "709.73074014743"
          },
          {
            "b": "EMP "
          }
        ]
      }
    },
    {
      "245": {
        "ind1": "0",
        "ind2": "4",
        "subfields": [
          {
            "a": "The Empire State collection :"
          },
          {
            "b": "art for the public /"
          },
          {
            "c": "Mario M. Cuomo, foreword ; Irving Sandler, introduction ; Lee Boltin, photography."
          }
        ]
      }
    },
    {
      "260": {
        "ind1": "\\",
        "ind2": "\\",
        "subfields": [
          {
            "a": "New York :"
          },
          {
            "b": "Empire State Plaza Art Commission in association with H.N. Abrams,"
          },
          {
            "c": "\u00a91987."
          }
        ]
      }
    },
    {
      "300": {
        "ind1": "\\",
        "ind2": "\\",
        "subfields": [
          {
            "a": "215 pages :"
          },
          {
            "b": "color illustrations ;"
          },
          {
            "c": "31 cm"
          }
        ]
      }
    },
    {
      "336": {
        "ind1": "\\",
        "ind2": "\\",
        "subfields": [
          {
            "a": "text"
          },
          {
            "b": "txt"
          },
          {
            "2": "rdacontent"
          }
        ]
      }
    },
    {
      "337": {
        "ind1": "\\",
        "ind2": "\\",
        "subfields": [
          {
            "a": "unmediated"
          },
          {
            "b": "n"
          },
          {
            "2": "rdamedia"
          }
        ]
      }
    },
    {
      "338": {
        "ind1": "\\",
        "ind2": "\\",
        "subfields": [
          {
            "a": "volume"
          },
          {
            "b": "nc"
          },
          {
            "2": "rdacarrier"
          }
        ]
      }
    },
    {
      "500": {
        "ind1": "\\",
        "ind2": "\\",
        "subfields": [
          {
            "a": "Catalogue."
          }
        ]
      }
    },
    {
      "530": {
        "ind1": "\\",
        "ind2": "\\",
        "subfields": [
          {
            "a": "Also available in electronic format."
          }
        ]
      }
    },
    {
      "650": {
        "ind1": "\\",
        "ind2": "0",
        "subfields": [
          {
            "a": "New York school of art"
          },
          {
            "v": "Catalogs."
          }
        ]
      }
    },
    {
      "650": {
        "ind1": "\\",
        "ind2": "0",
        "subfields": [
          {
            "a": "Art, American"
          },
          {
            "y": "20th century"
          },
          {
            "v": "Catalogs."
          }
        ]
      }
    },
    {
      "650": {
        "ind1": "\\",
        "ind2": "0",
        "subfields": [
          {
            "a": "Art, Modern"
          },
          {
            "y": "20th century"
          },
          {
            "v": "Catalogs."
          }
        ]
      }
    },
    {
      "650": {
        "ind1": "\\",
        "ind2": "0",
        "subfields": [
          {
            "a": "Public art"
          },
          {
            "z": "New York (State)"
          },
          {
            "z": "Albany"
          },
          {
            "v": "Catalogs."
          }
        ]
      }
    },
    {
      "651": {
        "ind1": "\\",
        "ind2": "0",
        "subfields": [
          {
            "a": "Empire State Plaza (Albany, N.Y.)"
          },
          {
            "v": "Catalogs."
          }
        ]
      }
    },
    {
      "650": {
        "ind1": "\\",
        "ind2": "0",
        "subfields": [
          {
            "a": "Art."
          }
        ]
      }
    },
    {
      "650": {
        "ind1": "\\",
        "ind2": "2",
        "subfields": [
          {
            "a": "Art"
          }
        ]
      }
    },
    {
      "650": {
        "ind1": "\\",
        "ind2": "7",
        "subfields": [
          {
            "a": "Art."
          },
          {
            "2": "fast"
          },
          {
            "0": "(OCoLC)fst00815177"
          }
        ]
      }
    },
    {
      "650": {
        "ind1": "\\",
        "ind2": "7",
        "subfields": [
          {
            "a": "Art, Modern."
          },
          {
            "2": "fast"
          },
          {
            "0": "(OCoLC)fst00816615"
          }
        ]
      }
    },
    {
      "650": {
        "ind1": "\\",
        "ind2": "7",
        "subfields": [
          {
            "a": "Art, American."
          },
          {
            "2": "fast"
          },
          {
            "0": "(OCoLC)fst00815895"
          }
        ]
      }
    },
    {
      "650": {
        "ind1": "\\",
        "ind2": "7",
        "subfields": [
          {
            "a": "New York school of art."
          },
          {
            "2": "fast"
          },
          {
            "0": "(OCoLC)fst01036781"
          }
        ]
      }
    },
    {
      "650": {
        "ind1": "\\",
        "ind2": "7",
        "subfields": [
          {
            "a": "Public art."
          },
          {
            "2": "fast"
          },
          {
            "0": "(OCoLC)fst01082064"
          }
        ]
      }
    },
    {
      "651": {
        "ind1": "\\",
        "ind2": "7",
        "subfields": [
          {
            "a": "New York (State)"
          },
          {
            "z": "Albany."
          },
          {
            "2": "fast"
          },
          {
            "0": "(OCoLC)fst01225716"
          }
        ]
      }
    },
    {
      "651": {
        "ind1": "\\",
        "ind2": "7",
        "subfields": [
          {
            "a": "New York (State)"
          },
          {
            "z": "Albany"
          },
          {
            "z": "Empire State Plaza."
          },
          {
            "2": "fast"
          },
          {
            "0": "(OCoLC)fst01316791"
          }
        ]
      }
    },
    {
      "648": {
        "ind1": "\\",
        "ind2": "7",
        "subfields": [
          {
            "a": "1900-1999"
          },
          {
            "2": "fast"
          }
        ]
      }
    },
    {
      "655": {
        "ind1": "\\",
        "ind2": "2",
        "subfields": [
          {
            "a": "Catalog"
          }
        ]
      }
    },
    {
      "655": {
        "ind1": "\\",
        "ind2": "7",
        "subfields": [
          {
            "a": "Catalogs."
          },
          {
            "2": "fast"
          },
          {
            "0": "(OCoLC)fst01423692"
          }
        ]
      }
    },
    {
      "655": {
        "ind1": "\\",
        "ind2": "7",
        "subfields": [
          {
            "a": "Catalogs."
          },
          {
            "2": "lcgft"
          }
        ]
      }
    },
    {
      "700": {
        "ind1": "1",
        "ind2": "\\",
        "subfields": [
          {
            "a": "Cuomo, Mario M.,"
          },
          {
            "d": "1932-2015,"
          },
          {
            "e": "writer of foreword."
          }
        ]
      }
    },
    {
      "700": {
        "ind1": "1",
        "ind2": "\\",
        "subfields": [
          {
            "a": "Sandler, Irving,"
          },
          {
            "d": "1925-2018,"
          },
          {
            "e": "writer of introduction."
          }
        ]
      }
    },
    {
      "700": {
        "ind1": "1",
        "ind2": "\\",
        "subfields": [
          {
            "a": "Boltin, Lee,"
          },
          {
            "e": "photographer."
          }
        ]
      }
    },
    {
      "710": {
        "ind1": "2",
        "ind2": "\\",
        "subfields": [
          {
            "a": "Empire State Plaza Art Commission."
          }
        ]
      }
    },
    {
      "776": {
        "ind1": "0",
        "ind2": "8",
        "subfields": [
          {
            "i": "Online version:"
          },
          {
            "t": "Empire State collection."
          },
          {
            "d": "New York : Empire State Plaza Art Commission in association with H.N. Abrams, \u00a91987"
          },
          {
            "w": "(OCoLC)653340703"
          }
        ]
      }
    },
    {
      "856": {
        "ind1": "4",
        "ind2": "1",
        "subfields": [
          {
            "u": "http://purl.nysed.gov/nysl/14356213"
          }
        ]
      }
    },
    {
      "994": {
        "ind1": "\\",
        "ind2": "\\",
        "subfields": [
          {
            "a": "Z0"
          },
          {
            "b": "NYRVC"
          }
        ]
      }
    },
    {
      "948": {
        "ind1": "\\",
        "ind2": "\\",
        "subfields": [
          {
            "h": "NO HOLDINGS IN NYRVC - 371 OTHER HOLDINGS"
          }
        ]
      }
    },
    {
      "999": {
        "ind1": "\\",
        "ind2": "\\",
        "subfields": [
          {
            "b": "Copy 1"
          }
        ]
      }
    },
    {
      "999": {
        "ind1": "\\",
        "ind2": "\\",
        "subfields": [
          {
            "b": "Copy 2"
          }
        ]
      }
    }
  ]
}